@MISC{Jaxenter,
    title = {Top 5 JavaScript IDEs},
    author = {Jane Elizabeth},
    year = {2018},
    note = {[Online; accessed September 23, 2018]},
    url = {https://jaxenter.com/top-5-javascript-ide-146609.html}
}
@MISC{milmazz,
 title = {How to document your Javascript code},
 author = {Milton Mazzarri},
 year = {2014},
 note = {[Online; accessed September 23, 2018]},
 url = {https://milmazz.uno/article/2014/08/27/how-to-document-your-javascript-code/}
}
@MISC{Google JavaScript Style Guide,
 title = {Google JavaScript Style Guide},
 author = {Google},
 note = {[Online; accessed September 23, 2018]},
 url = {https://google.github.io/styleguide/jsguide.html}
}

https://google.github.io/styleguide/jsguide.html
